<record><leader>00000cas a2200000 a 4500</leader><controlfield tag="001">14116421</controlfield><controlfield tag="008">860820d19311931nyudn ne      0    0eng  </controlfield><datafield ind1=" " ind2=" " tag="010"><subfield code="a">sn 86071844 </subfield></datafield><datafield ind1=" " ind2=" " tag="040"><subfield code="a">DLC</subfield><subfield code="b">eng</subfield><subfield code="c">DLC</subfield><subfield code="d">YOX</subfield><subfield code="d">NYS</subfield><subfield code="d">YOX</subfield><subfield code="d">ANU</subfield><subfield code="d">YOX</subfield><subfield code="d">CRL</subfield><subfield code="d">DLC</subfield><subfield code="d">NYS</subfield><subfield code="d">DLC</subfield><subfield code="d">OCLCQ</subfield><subfield code="d">OCLCF</subfield><subfield code="d">OCLCO</subfield></datafield><datafield ind1="1" ind2=" " tag="029"><subfield code="a">AU@</subfield><subfield code="b">000020428646</subfield></datafield><datafield ind1=" " ind2=" " tag="042"><subfield code="a">pcc</subfield></datafield><datafield ind1=" " ind2=" " tag="043"><subfield code="a">n-us-ny</subfield></datafield><datafield ind1="0" ind2="0" tag="050"><subfield code="a">Newspaper</subfield></datafield><datafield ind1="0" ind2="4" tag="245"><subfield code="a">The evening world, the world, the New York telegram.</subfield></datafield><datafield ind1="1" ind2="7" tag="246"><subfield code="a">New York world-telegram</subfield></datafield><datafield ind1=" " ind2=" " tag="260"><subfield code="a">New York [N.Y.] :</subfield><subfield code="b">R.W. Howard,</subfield><subfield code="c">1931.</subfield></datafield><datafield ind1=" " ind2=" " tag="300"><subfield code="a">1 v. :</subfield><subfield code="b">ill. ;</subfield><subfield code="c">59 cm.</subfield></datafield><datafield ind1=" " ind2=" " tag="310"><subfield code="a">Daily (except Sun.)</subfield></datafield><datafield ind1="0" ind2=" " tag="362"><subfield code="a">Vol. 63, no. 203 (Feb. 27, 1931)-v. 63, no. 235 (Apr. 6, 1931).</subfield></datafield><datafield ind1=" " ind2=" " tag="530"><subfield code="a">Available on microfilm from UMI.</subfield></datafield><datafield ind1=" " ind2=" " tag="580"><subfield code="a">Other ed.: New York repository. Cf. Gregory, W. Amer. newspapers.</subfield></datafield><datafield ind1=" " ind2=" " tag="580"><subfield code="a">Formed by the union of: Evening world (New York, N.Y.), and: World (New York, N.Y. : 1883 : Daily), and: New York telegram.</subfield></datafield><datafield ind1=" " ind2="0" tag="651"><subfield code="a">New York (N.Y.)</subfield><subfield code="v">Newspapers.</subfield></datafield><datafield ind1=" " ind2="0" tag="651"><subfield code="a">New York County (N.Y.)</subfield><subfield code="v">Newspapers.</subfield></datafield><datafield ind1=" " ind2="7" tag="655"><subfield code="a">Newspapers.</subfield><subfield code="2">fast</subfield><subfield code="0">(OCoLC)fst01423814</subfield></datafield><datafield ind1=" " ind2="7" tag="651"><subfield code="a">New York (State)</subfield><subfield code="z">New York.</subfield><subfield code="2">fast</subfield><subfield code="0">(OCoLC)fst01204333</subfield></datafield><datafield ind1=" " ind2="7" tag="651"><subfield code="a">New York (State)</subfield><subfield code="z">New York County.</subfield><subfield code="2">fast</subfield><subfield code="0">(OCoLC)fst01234953</subfield></datafield><datafield ind1=" " ind2=" " tag="752"><subfield code="a">United States</subfield><subfield code="b">New York</subfield><subfield code="c">New York</subfield><subfield code="d">New York.</subfield></datafield><datafield ind1="1" ind2=" " tag="775"><subfield code="t">New York repository</subfield><subfield code="w">(DLC)sn 90065063</subfield><subfield code="w">(OCoLC)21925433</subfield></datafield><datafield ind1="1" ind2="4" tag="780"><subfield code="t">Evening world (New York, N.Y. : 1914)</subfield><subfield code="w">(DLC)sn 98021552</subfield><subfield code="w">(OCoLC)39780665</subfield></datafield><datafield ind1="1" ind2="4" tag="780"><subfield code="t">World (New York, N.Y. : 1883 : Daily)</subfield><subfield code="w">(DLC)sn 86071683</subfield><subfield code="w">(OCoLC)13846132</subfield></datafield><datafield ind1="1" ind2="4" tag="780"><subfield code="t">New York telegram</subfield><subfield code="w">(DLC)sn 84024368</subfield><subfield code="w">(OCoLC)11250980</subfield></datafield><datafield ind1="0" ind2="0" tag="785"><subfield code="t">New York world-telegram</subfield><subfield code="w">(DLC)sn 83030206</subfield><subfield code="w">(OCoLC)9387552</subfield></datafield></record>